<record><leader>00000cas a22000007a 4500</leader><controlfield tag="001">220977309</controlfield><controlfield tag="006">m     o  d        </controlfield><controlfield tag="007">cr |||||||||||</controlfield><controlfield tag="008">080407c20089999nyuwr nso     0   a0eng c</controlfield><datafield ind1=" " ind2=" " tag="010"><subfield code="a">  2008215283</subfield></datafield><datafield ind1=" " ind2=" " tag="040"><subfield code="a">NSD</subfield><subfield code="b">eng</subfield><subfield code="c">NSD</subfield><subfield code="d">NSD</subfield><subfield code="d">OCLCQ</subfield></datafield><datafield ind1=" " ind2=" " tag="012"><subfield code="l">1</subfield></datafield><datafield ind1="0" ind2=" " tag="022"><subfield code="a">1941-9341</subfield><subfield code="l">1941-9341</subfield><subfield code="y">1941-9333</subfield><subfield code="2">1</subfield></datafield><datafield ind1=" " ind2=" " tag="037"><subfield code="b">The South Asian Times, LLC, 60 Knolls Crescent #211, Riverdale, NY 10463</subfield></datafield><datafield ind1=" " ind2=" " tag="042"><subfield code="a">msc</subfield><subfield code="a">nsdp</subfield></datafield><datafield ind1="1" ind2="0" tag="050"><subfield code="a">ISSN RECORD</subfield></datafield><datafield ind1="1" ind2="0" tag="082"><subfield code="a">952</subfield><subfield code="2">14</subfield></datafield><datafield ind1="0" ind2=" " tag="130"><subfield code="a">South Asian times (Online)</subfield></datafield><datafield ind1=" " ind2="0" tag="222"><subfield code="a">South Asian times</subfield><subfield code="b">(Online)</subfield></datafield><datafield ind1="1" ind2="4" tag="245"><subfield code="a">The South Asian times.</subfield></datafield><datafield ind1=" " ind2=" " tag="260"><subfield code="a">Hicksville, NY :</subfield><subfield code="b">South Asian Times, LLC</subfield></datafield><datafield ind1=" " ind2=" " tag="310"><subfield code="a">Weekly</subfield></datafield><datafield ind1=" " ind2=" " tag="336"><subfield code="a">text</subfield><subfield code="b">txt</subfield><subfield code="2">rdacontent</subfield></datafield><datafield ind1=" " ind2=" " tag="337"><subfield code="a">computer</subfield><subfield code="b">c</subfield><subfield code="2">rdamedia</subfield></datafield><datafield ind1=" " ind2=" " tag="338"><subfield code="a">online resource</subfield><subfield code="b">cr</subfield><subfield code="2">rdacarrier</subfield></datafield><datafield ind1="1" ind2=" " tag="362"><subfield code="a">Vol. 1, no. 1 (Apr. 18-25 2008).</subfield></datafield><datafield ind1=" " ind2=" " tag="588"><subfield code="a">Description based on: Vol. 1, no. 1 (Apr. 18-25 2008); title from PDF cover (AsianTImes website, viewed Oct. 22, 2008).</subfield></datafield><datafield ind1=" " ind2=" " tag="588"><subfield code="a">Latest issue consulted: Vol. 1, no. 26 (Oct. 18-24, 2008) (AsianTImes website, viewed Oct. 22, 2008).</subfield></datafield><datafield ind1="2" ind2=" " tag="710"><subfield code="a">South Asian Times (Firm)</subfield></datafield><datafield ind1="0" ind2="8" tag="776"><subfield code="i">Print version:</subfield><subfield code="t">South Asian times</subfield><subfield code="x">1941-9333</subfield><subfield code="w">(DLC)  2008215288</subfield></datafield><datafield ind1="4" ind2="0" tag="856"><subfield code="u">http://www.TheSouthAsianTimes.com</subfield></datafield><datafield ind1="1" ind2=" " tag="029"><subfield code="a">AU@</subfield><subfield code="b">000042940424</subfield></datafield><datafield ind1="1" ind2=" " tag="029"><subfield code="a">NZ1</subfield><subfield code="b">15281670</subfield></datafield><datafield ind1="1" ind2=" " tag="029"><subfield code="a">NZ1</subfield><subfield code="b">15336741</subfield></datafield><datafield ind1="1" ind2=" " tag="029"><subfield code="a">NZ1</subfield><subfield code="b">16076345</subfield></datafield></record>